@Manual{R-autovar,
    title = {autovar: Automated Vector Autoregression Model Creation},
    author = {Ando Emerencia},
    year = {2018},
    note = {R package version 0.2-4},
}

@Manual{R-autovarCore,
    title = {autovarCore: Automated Vector Autoregression Models and Networks},
    author = {Ando Emerencia},
    year = {2018},
    note = {R package version 1.0-4},
    url = {https://CRAN.R-project.org/package=autovarCore},
}


@Manual{R-base,
  title = {R: A Language and Environment for Statistical Computing},
  author = {{R Core Team}},
  organization = {R Foundation for Statistical Computing},
  address = {Vienna, Austria},
  year = {2017},
  url = {https://www.R-project.org/},
}

@Manual{R-bookdown,
    title = {bookdown: Authoring Books and Technical Documents with R
      Markdown},
    author = {Yihui Xie},
    year = {2018},
    note = {R package version 0.7},
    url = {https://github.com/rstudio/bookdown},
}

@Book{R-bookdown_book,
    title = {bookdown: Authoring Books and Technical Documents with {R}
      Markdown},
    author = {Yihui Xie},
    publisher = {Chapman and Hall/CRC},
    address = {Boca Raton, Florida},
    year = {2016},
    note = {ISBN 978-1138700109},
    url = {https://github.com/rstudio/bookdown},
}

@Manual{R-dplyr,
  title = {dplyr: A Grammar of Data Manipulation},
  author = {Hadley Wickham and Romain François and Lionel Henry and Kirill Müller},
  year = {2018},
  note = {R package version 0.7.6},
  url = {https://CRAN.R-project.org/package=dplyr},
}

@Manual{R_GENEAread,
    title = {GENEAread: Read GENEA Binary Files},
    author = {Zhou Fang and Joss Langford and Charles Sweetland},
    year = {2018},
    note = {R package version 2.0.2},
    url = {https://CRAN.R-project.org/package=GENEAread},
}

@Manual{R-GGIR,
  title = {{GGIR}: Raw Accelerometer Data Analysis},
  author = {Vincent T {van Hees} and Zhou Fang and Jing Hua Zhao and Joe Heywood and Evgeny Mirkes and Severine Sabia and Jairo H Migueles},
  year = {2018},
  note = {R package version 1.5-24},
  doi = {10.5281/zenodo.1051064},
  url = {https://CRAN.R-project.org/package=GGIR},
}

@Manual{R-graphicalVAR,
  title = {graphicalVAR: Graphical VAR for Experience Sampling Data},
  author = {Sacha Epskamp},
  year = {2017},
  note = {R package version 0.2.1},
  url = {https://CRAN.R-project.org/package=graphicalVAR},
}

@Manual{R-haven,
    title = {haven: Import and Export 'SPSS', 'Stata' and 'SAS' Files},
    author = {Hadley Wickham and Evan Miller},
    year = {2018},
    note = {R package version 1.1.2},
    url = {https://CRAN.R-project.org/package=haven},
}

@Manual{R-knitr,
  title = {knitr: A General-Purpose Package for Dynamic Report Generation in R},
  author = {Yihui Xie},
  year = {2017},
  note = {R package version 1.17},
  url = {https://CRAN.R-project.org/package=knitr},
}


@Article{R-lubridate,
    title = {Dates and Times Made Easy with {lubridate}},
    author = {Garrett Grolemund and Hadley Wickham},
    journal = {Journal of Statistical Software},
    year = {2011},
    volume = {40},
    number = {3},
    pages = {1--25},
    url = {http://www.jstatsoft.org/v40/i03/},
}

@Manual{R-nlme,
  title = {{nlme}: Linear and Nonlinear Mixed Effects Models},
  author = {Jose Pinheiro and Douglas Bates and Saikat DebRoy and Deepayan Sarkar and {R Core Team}},
  year = {2018},
  note = {R package version 3.1-137},
  url = {https://CRAN.R-project.org/package=nlme},
}

@Manual{R-PhysicalActivity,
    title = {PhysicalActivity: Process Accelerometer Data for Physical Activity Measurement},
    author = {Leena Choi and Cole Beck and Zhouwen Liu and Charles E. Matthews and Maciej S. Buchowski},
    year = {2018},
    note = {R package version 0.2-2},
    url = {https://CRAN.R-project.org/package=PhysicalActivity},
}

@Manual{R-powerlmm,
    title = {powerlmm: Power Analysis for Longitudinal Multilevel Models},
    author = {Kristoffer Magnusson},
    year = {2018},
    note = {R package version 0.3.0},
    url = {https://CRAN.R-project.org/package=powerlmm}
}

@Manual{R-simstudy,
  title = {simstudy: Simulation of Study Data},
  author = {Keith Goldfeld},
  year = {2018},
  note = {R package version 0.1.9},
  url = {https://CRAN.R-project.org/package=simstudy},
}

@Manual{R-rmarkdown,
  title = {rmarkdown: Dynamic Documents for R},
  author = {JJ Allaire and Yihui Xie and Jonathan McPherson and Javier Luraschi and Kevin Ushey and Aron Atkins and Hadley Wickham and Joe Cheng and Winston Chang},
  year = {2017},
  note = {R package version 1.8},
  url = {https://CRAN.R-project.org/package=rmarkdown},
}

